%% This BibTeX bibliography file was created using BibDesk.
%% http://bibdesk.sourceforge.net/

%% Created for 武斌 at 2016-09-07 22:50:08 +0800 


%% Saved with string encoding Unicode (UTF-8) 


@book{brown2013developing,
  title={Developing with Couchbase Server},
  author={Brown, Martin C},
  year={2013},
  publisher={O'Reilly}
}
@phdthesis{蒋文旭2012大型高并发,
  title={大型高并发 web 应用系统架构分析与设计},
  author={蒋文旭 and 辛阳},
  year={2012},
  school={北京: 北京邮电大学}
}

@article{fink2014docker,
  title={Docker: a software as a service, operating system-level virtualization framework},
  author={Fink, John},
  journal={Code4Lib Journal},
  volume={25},
  year={2014}
}
@article{chamberlain2014using,
  title={Using Docker to support reproducible research},
  author={Chamberlain, Ryan and Schommer, Jennifer},
  journal={DOI: http://dx. doi. org/10.6084/m9. figshare},
  volume={1101910},
  year={2014}
}
@article{胡雯2012mysql,
  title={MySQL 数据库存储引擎探析},
  author={胡雯 and 李燕},
  journal={软件导刊},
  volume={11},
  number={12},
  pages={129--131},
  year={2012}
}

@inproceedings{fruhwirt2010innodb,
  title={Innodb database forensics},
  author={Fr{\"u}hwirt, Peter and Huber, Marcus and Mulazzani, Martin and Weippl, Edgar R},
  booktitle={Advanced Information Networking and Applications (AINA), 2010 24th IEEE International Conference on},
  pages={1028--1036},
  year={2010},
  organization={IEEE}
}
@mastersthesis{秦金2013分布式,
  title={分布式 MySQL 副本控制的研究与实现},
  author={秦金},
  year={2013},
  school={北京邮电大学}
}
@phdthesis{郭绪晶2012服务器集群系统高可用模块设计与实现,
  title={服务器集群系统高可用模块设计与实现},
  author={郭绪晶},
  year={2012},
  school={万方数据资源系统}
}
@url{crab3,
	Author = {Jark},
	Date-Added = {2016-09-07 14:43:19 +0000},
	Date-Modified = {2016-09-07 14:50:08 +0000},
	Title = {推荐系统学习：协同过滤实现},
	Url = {http://wuchong.me/blog/2014/04/19/recsys-cf-study/},
	Urldate = {2014-04-19}}

@mastersthesis{crab2,
	Author = {胡新明},
	Date-Added = {2016-09-07 14:40:56 +0000},
	Date-Modified = {2016-09-07 14:41:23 +0000},
	School = {华中科技大学},
	Title = {基于商品属性的电子商务推荐系统研究},
	Year = {2012}}

@article{crab1,
	Author = {王国霞,刘贺平},
	Date-Added = {2016-09-07 14:40:26 +0000},
	Date-Modified = {2016-09-07 14:40:53 +0000},
	Journal = {计算机工程与应用},
	Title = {个性化推荐系统综述},
	Volume = {07},
	Year = {2012}}

@article{elasticsearch2,
	Author = {许大宏},
	Date-Added = {2016-09-07 14:39:38 +0000},
	Date-Modified = {2016-09-07 14:40:25 +0000},
	Journal = {计算机时代},
	Title = {Elasticsearch在车牌识别系统中的应用研究},
	Volume = {12},
	Year = {2014}}

@article{elasticsearch1,
	Author = {姜康,冯钧,唐志贤,王超},
	Date-Added = {2016-09-07 14:38:33 +0000},
	Date-Modified = {2016-09-07 14:39:25 +0000},
	Journal = {计算机与现代化},
	Pages = {117-121},
	Title = {基于ElasticSearch的元数据搜索与共享平台},
	Volume = {2},
	Year = {2015}}

@mastersthesis{jenkins2,
	Author = {朱二东},
	Date-Added = {2016-09-07 14:37:21 +0000},
	Date-Modified = {2016-09-07 14:37:49 +0000},
	School = {北京邮电大学},
	Title = {基于Jenkins的web应用自动化测试的设计与实施},
	Year = {2015}}

@mastersthesis{jenkins1,
	Author = {卞孟春},
	Date-Added = {2016-09-07 14:36:43 +0000},
	Date-Modified = {2016-09-07 14:37:11 +0000},
	School = {中国科学院大学},
	Title = {基于Jenkins的持续集成方案设计与实现},
	Year = {2014}}

@mastersthesis{couchbase1,
	Author = {王旭铭},
	Date-Added = {2016-09-07 14:35:47 +0000},
	Date-Modified = {2016-09-07 14:36:40 +0000},
	School = {中山大学},
	Title = {负载均衡集群中的会话保持研究},
	Year = {2013}}

@article{chuangye1,
	Author = {杨道建, 赵喜仓, 陈文娟, 朱永跃},
	Journal = {科技管理研究},
	Number = {20},
	Pages = {130-136},
	Title = {大学生创业培养环境、创业品质和创业能力关系的实证研究},
	Year = {2014}}

@mastersthesis{chuangye2,
	Author = {冀娜},
	Date-Modified = {2016-09-07 14:35:17 +0000},
	School = {中国海洋大学},
	Title = {财智资源整合研究 ------大学生新创业平台的搭建},
	Year = {2011}}

@mastersthesis{php1,
	Author = {孙炜路},
	Date-Modified = {2016-09-07 14:34:59 +0000},
	School = {吉林大学},
	Title = {基于ThinkPHP框架的软件学院教务管理系统的设计与实现},
	Year = {2015},
	Bdsk-File-1 = {YnBsaXN0MDDUAQIDBAUGJCVYJHZlcnNpb25YJG9iamVjdHNZJGFyY2hpdmVyVCR0b3ASAAGGoKgHCBMUFRYaIVUkbnVsbNMJCgsMDxJXTlMua2V5c1pOUy5vYmplY3RzViRjbGFzc6INDoACgAOiEBGABIAFgAdccmVsYXRpdmVQYXRoWWFsaWFzRGF0YW8QKwAuAC4AL2vVThpTwoADZYdzLgAvV/pOjgBUAGgAaQBuAGsAUABIAFBoRme2doSPb072W2aWYmVZUqF7oXQGfPt+33aEi76LoU4OW55zsAAuAGMAYQBq0hcLGBlXTlMuZGF0YU8RAfgAAAAAAfgAAgAAA01BQwAAAAAAAAAAAAAAAAAAAAAAAAAAAAAAANO0UW5IKwAAABTc1R+7+dPaVGhpbmtQSFC/8rzctcTI7SMxNERDRTQuY2FqAAAAAAAAAAAAAAAAAAAAAAAAAAAAAAAAAAAAAAAAAAAAFNzk06PrNgAAAAAAAAAAAAEAAgAACSAAAAAAAAAAAAAAAAAAAAAMsc/StbLOv7zOxM/XABAACAAA07Pg7gAAABEACAAA06N6tgAAAAEAEAAU3NUABsyOAAbMfQAGMGgAAgBITUFDOlVzZXJzOgB3dWJpbjoARGVza3RvcDoAsc/StbLOv7zOxM/XOgC7+dPaVGhpbmtQSFC/8rzctcTI7SMxNERDRTQuY2FqAA4ARAAhV/pOjgBUAGgAaQBuAGsAUABIAFBoRme2doSPb072W2aWYmVZUqF7oXQGfPt+33aEi76LoU4OW55zsAAuAGMAYQBqAA8ACAADAE0AQQBDABIAclVzZXJzL3d1YmluL0Rlc2t0b3Av5q+V5Lia5Y+C6ICD5paH54yuL+WfuuS6jlRoaW5rUEhQ5qGG5p6255qE6L2v5Lu25a2m6Zmi5pWZ5Yqh566h55CG57O757uf55qE6K6+6K6h5LiO5a6e546wLmNhagATAAEvAAAVAAIADP//AACABtIbHB0eWiRjbGFzc25hbWVYJGNsYXNzZXNdTlNNdXRhYmxlRGF0YaMdHyBWTlNEYXRhWE5TT2JqZWN00hscIiNcTlNEaWN0aW9uYXJ5oiIgXxAPTlNLZXllZEFyY2hpdmVy0SYnVHJvb3SAAQAIABEAGgAjAC0AMgA3AEAARgBNAFUAYABnAGoAbABuAHEAcwB1AHcAhACOAOcA7AD0AvAC8gL3AwIDCwMZAx0DJAMtAzIDPwNCA1QDVwNcAAAAAAAAAgEAAAAAAAAAKAAAAAAAAAAAAAAAAAAAA14=}}

@article{caraciolocrab,
  title={Crab: A Recommendation Engine Framework for Python},
  author={Caraciolo, Marcel and Melo, Bruno and Caspirro, Ricardo}
}
